@Book{Prokop:Algoritmy,
author = "JI\v{R}\'{I} PROKOP",
title = "Algoritmov jazyku C a C++ :praktick\'{y} pr\r{u}vodce ",
publisher = "Brno:Grada Publishing",
year = "2009",

isbn = "978-80-247-2751-6"
}
@Book{Honzik:Algoritmy,
author = "Jan Maximilian HONZ\'{I}K",
title = "Algoritmy Studijn√≠ opora ",
publisher = "Brno:FIT VUT",
year = "2012",


}

@Book{Stephen:Rozhrania,
author = "John Anderson",
title = "P\v{r}ita\v{z}liv\'{y} interaktivn\'{i} design ",
publisher = "Brno:Computer press",
year = "2012",
isbn = "978-80-251-3722-2"

}




